%YAML 1.1
%TAG !u! tag:unity3d.com,2011:
--- !u!29 &1
SceneSettings:
  m_ObjectHideFlags: 0
  m_PVSData: 
  m_PVSObjectsArray: []
  m_PVSPortalsArray: []
  m_OcclusionBakeSettings:
    smallestOccluder: 5
    smallestHole: .25
    backfaceThreshold: 100
--- !u!104 &2
RenderSettings:
  m_Fog: 0
  m_FogColor: {r: .5, g: .5, b: .5, a: 1}
  m_FogMode: 3
  m_FogDensity: .00999999978
  m_LinearFogStart: 0
  m_LinearFogEnd: 300
  m_AmbientLight: {r: .200000003, g: .200000003, b: .200000003, a: 1}
  m_SkyboxMaterial: {fileID: 0}
  m_HaloStrength: .5
  m_FlareStrength: 1
  m_FlareFadeSpeed: 3
  m_HaloTexture: {fileID: 0}
  m_SpotCookie: {fileID: 0}
  m_ObjectHideFlags: 0
--- !u!127 &3
LevelGameManager:
  m_ObjectHideFlags: 0
--- !u!157 &4
LightmapSettings:
  m_ObjectHideFlags: 0
  m_LightProbes: {fileID: 0}
  m_Lightmaps: []
  m_LightmapsMode: 1
  m_BakedColorSpace: 0
  m_UseDualLightmapsInForward: 0
  m_LightmapEditorSettings:
    m_Resolution: 50
    m_LastUsedResolution: 0
    m_TextureWidth: 1024
    m_TextureHeight: 1024
    m_BounceBoost: 1
    m_BounceIntensity: 1
    m_SkyLightColor: {r: .860000014, g: .930000007, b: 1, a: 1}
    m_SkyLightIntensity: 0
    m_Quality: 0
    m_Bounces: 1
    m_FinalGatherRays: 1000
    m_FinalGatherContrastThreshold: .0500000007
    m_FinalGatherGradientThreshold: 0
    m_FinalGatherInterpolationPoints: 15
    m_AOAmount: 0
    m_AOMaxDistance: .100000001
    m_AOContrast: 1
    m_LODSurfaceMappingDistance: 1
    m_Padding: 0
    m_TextureCompression: 0
    m_LockAtlas: 0
--- !u!196 &5
NavMeshSettings:
  m_ObjectHideFlags: 0
  m_BuildSettings:
    agentRadius: .5
    agentHeight: 2
    agentSlope: 45
    agentClimb: .400000006
    ledgeDropHeight: 0
    maxJumpAcrossDistance: 0
    accuratePlacement: 0
    minRegionArea: 2
    widthInaccuracy: 16.666666
    heightInaccuracy: 10
    tileSizeHint: 0
  m_NavMesh: {fileID: 0}
--- !u!1 &263054824
GameObject:
  m_ObjectHideFlags: 0
  m_PrefabParentObject: {fileID: 154056, guid: f65ba54993f04491aaae99229d3a28b1, type: 2}
  m_PrefabInternal: {fileID: 0}
  serializedVersion: 4
  m_Component:
  - 4: {fileID: 263054828}
  - 33: {fileID: 263054827}
  - 23: {fileID: 263054826}
  m_Layer: 9
  m_Name: Sphere L
  m_TagString: Untagged
  m_Icon: {fileID: 0}
  m_NavMeshLayer: 0
  m_StaticEditorFlags: 0
  m_IsActive: 1
--- !u!23 &263054826
Renderer:
  m_ObjectHideFlags: 0
  m_PrefabParentObject: {fileID: 2354058, guid: f65ba54993f04491aaae99229d3a28b1,
    type: 2}
  m_PrefabInternal: {fileID: 0}
  m_GameObject: {fileID: 263054824}
  m_Enabled: 1
  m_CastShadows: 1
  m_ReceiveShadows: 1
  m_LightmapIndex: 255
  m_LightmapTilingOffset: {x: 1, y: 1, z: 0, w: 0}
  m_Materials:
  - {fileID: 2100000, guid: 5f26d971285894033bfbd42f2ede1d08, type: 2}
  m_SubsetIndices: 
  m_StaticBatchRoot: {fileID: 0}
  m_UseLightProbes: 0
  m_LightProbeAnchor: {fileID: 0}
  m_ScaleInLightmap: 1
  m_SortingLayerID: 0
  m_SortingOrder: 0
--- !u!33 &263054827
MeshFilter:
  m_ObjectHideFlags: 0
  m_PrefabParentObject: {fileID: 3354058, guid: f65ba54993f04491aaae99229d3a28b1,
    type: 2}
  m_PrefabInternal: {fileID: 0}
  m_GameObject: {fileID: 263054824}
  m_Mesh: {fileID: 4300000, guid: 54f8ed56b15fe4165b09e703109a3fa2, type: 3}
--- !u!4 &263054828
Transform:
  m_ObjectHideFlags: 0
  m_PrefabParentObject: {fileID: 454056, guid: f65ba54993f04491aaae99229d3a28b1, type: 2}
  m_PrefabInternal: {fileID: 0}
  m_GameObject: {fileID: 263054824}
  m_LocalRotation: {x: 0, y: 0, z: 0, w: 1}
  m_LocalPosition: {x: -.0315000005, y: 0, z: 0}
  m_LocalScale: {x: 20, y: 20, z: 20}
  m_Children: []
  m_Father: {fileID: 978639209}
  m_RootOrder: 0
--- !u!1 &422033387
GameObject:
  m_ObjectHideFlags: 0
  m_PrefabParentObject: {fileID: 0}
  m_PrefabInternal: {fileID: 0}
  serializedVersion: 4
  m_Component:
  - 4: {fileID: 422033388}
  - 114: {fileID: 422033389}
  m_Layer: 0
  m_Name: Pointer
  m_TagString: Untagged
  m_Icon: {fileID: 0}
  m_NavMeshLayer: 0
  m_StaticEditorFlags: 0
  m_IsActive: 1
--- !u!4 &422033388
Transform:
  m_ObjectHideFlags: 0
  m_PrefabParentObject: {fileID: 0}
  m_PrefabInternal: {fileID: 0}
  m_GameObject: {fileID: 422033387}
  m_LocalRotation: {x: 0, y: 0, z: 0, w: 1}
  m_LocalPosition: {x: 0, y: 0, z: 1}
  m_LocalScale: {x: 3, y: 3, z: 1}
  m_Children:
  - {fileID: 1554259468}
  m_Father: {fileID: 662024235}
  m_RootOrder: 0
--- !u!114 &422033389
MonoBehaviour:
  m_ObjectHideFlags: 0
  m_PrefabParentObject: {fileID: 0}
  m_PrefabInternal: {fileID: 0}
  m_GameObject: {fileID: 422033387}
  m_Enabled: 1
  m_EditorHideFlags: 0
  m_Script: {fileID: 11500000, guid: 8fa18eabba07447498afca89f6f03e14, type: 3}
  m_Name: 
  m_EditorClassIdentifier: 
--- !u!1 &568972634
GameObject:
  m_ObjectHideFlags: 0
  m_PrefabParentObject: {fileID: 0}
  m_PrefabInternal: {fileID: 0}
  serializedVersion: 4
  m_Component:
  - 4: {fileID: 568972636}
  - 114: {fileID: 568972635}
  m_Layer: 0
  m_Name: _Main
  m_TagString: Untagged
  m_Icon: {fileID: 0}
  m_NavMeshLayer: 0
  m_StaticEditorFlags: 0
  m_IsActive: 1
--- !u!114 &568972635
MonoBehaviour:
  m_ObjectHideFlags: 0
  m_PrefabParentObject: {fileID: 0}
  m_PrefabInternal: {fileID: 0}
  m_GameObject: {fileID: 568972634}
  m_Enabled: 1
  m_EditorHideFlags: 0
  m_Script: {fileID: 11500000, guid: d5e05ebe4c42645fb9436c85d98e97f2, type: 3}
  m_Name: 
  m_EditorClassIdentifier: 
  toggle: {fileID: 0}
--- !u!4 &568972636
Transform:
  m_ObjectHideFlags: 0
  m_PrefabParentObject: {fileID: 0}
  m_PrefabInternal: {fileID: 0}
  m_GameObject: {fileID: 568972634}
  m_LocalRotation: {x: 0, y: 0, z: 0, w: 1}
  m_LocalPosition: {x: 2.69919491, y: -1.02348948, z: -4.80655575}
  m_LocalScale: {x: 1, y: 1, z: 1}
  m_Children: []
  m_Father: {fileID: 0}
  m_RootOrder: 0
--- !u!1 &662024234
GameObject:
  m_ObjectHideFlags: 0
  m_PrefabParentObject: {fileID: 100000, guid: 9da535ecc7e009544bd58323d6696a4d, type: 2}
  m_PrefabInternal: {fileID: 1484892901}
  serializedVersion: 4
  m_Component:
  - 4: {fileID: 662024235}
  - 20: {fileID: 662024240}
  - 124: {fileID: 662024239}
  - 81: {fileID: 662024238}
  - 114: {fileID: 662024237}
  - 114: {fileID: 662024236}
  m_Layer: 0
  m_Name: w
  m_TagString: MainCamera
  m_Icon: {fileID: 0}
  m_NavMeshLayer: 0
  m_StaticEditorFlags: 0
  m_IsActive: 1
--- !u!4 &662024235
Transform:
  m_ObjectHideFlags: 0
  m_PrefabParentObject: {fileID: 400000, guid: 9da535ecc7e009544bd58323d6696a4d, type: 2}
  m_PrefabInternal: {fileID: 1484892901}
  m_GameObject: {fileID: 662024234}
  m_LocalRotation: {x: 0, y: 0, z: 0, w: 1}
  m_LocalPosition: {x: 0, y: 0, z: 0}
  m_LocalScale: {x: 1, y: 1, z: 1}
  m_Children:
  - {fileID: 422033388}
  m_Father: {fileID: 1589264199}
  m_RootOrder: 1
--- !u!114 &662024236
MonoBehaviour:
  m_ObjectHideFlags: 0
  m_PrefabParentObject: {fileID: 11400000, guid: 9da535ecc7e009544bd58323d6696a4d,
    type: 2}
  m_PrefabInternal: {fileID: 1484892901}
  m_GameObject: {fileID: 662024234}
  m_Enabled: 1
  m_EditorHideFlags: 0
  m_Script: {fileID: 11500000, guid: f5be85f8438ca3145aac56e800a217cf, type: 3}
  m_Name: 
  m_EditorClassIdentifier: 
  _Center: {x: .5, y: .5}
  _ScaleIn: {x: 1, y: 1}
  _Scale: {x: 1, y: 1}
  _HmdWarpParam: {x: 1, y: 0, z: 0, w: 0}
  _ChromaticAberration: {x: .995999992, y: .991999984, z: 1.01400006, w: 1.01400006}
  _DMScale: {x: 0, y: 0}
  _DMOffset: {x: 0, y: 0}
  dynamicScale: 1
--- !u!114 &662024237
MonoBehaviour:
  m_ObjectHideFlags: 0
  m_PrefabParentObject: {fileID: 11400002, guid: 9da535ecc7e009544bd58323d6696a4d,
    type: 2}
  m_PrefabInternal: {fileID: 1484892901}
  m_GameObject: {fileID: 662024234}
  m_Enabled: 1
  m_EditorHideFlags: 0
  m_Script: {fileID: 11500000, guid: 467c1e6bb64de664bbba9800bb135078, type: 3}
  m_Name: 
  m_EditorClassIdentifier: 
  NeckPosition: {x: 0, y: .600000024, z: 0}
  EyePosition: {x: 0, y: .150000006, z: .0900000036}
  RightEye: 1
--- !u!81 &662024238
AudioListener:
  m_ObjectHideFlags: 0
  m_PrefabParentObject: {fileID: 8100000, guid: 9da535ecc7e009544bd58323d6696a4d,
    type: 2}
  m_PrefabInternal: {fileID: 1484892901}
  m_GameObject: {fileID: 662024234}
  m_Enabled: 1
--- !u!124 &662024239
Behaviour:
  m_ObjectHideFlags: 0
  m_PrefabParentObject: {fileID: 12400000, guid: 9da535ecc7e009544bd58323d6696a4d,
    type: 2}
  m_PrefabInternal: {fileID: 1484892901}
  m_GameObject: {fileID: 662024234}
  m_Enabled: 1
--- !u!20 &662024240
Camera:
  m_ObjectHideFlags: 0
  m_PrefabParentObject: {fileID: 2000000, guid: 9da535ecc7e009544bd58323d6696a4d,
    type: 2}
  m_PrefabInternal: {fileID: 1484892901}
  m_GameObject: {fileID: 662024234}
  m_Enabled: 1
  serializedVersion: 2
  m_ClearFlags: 1
  m_BackGroundColor: {r: .192156866, g: .301960796, b: .474509805, a: 0}
  m_NormalizedViewPortRect:
    serializedVersion: 2
    x: 0
    y: 0
    width: 1
    height: 1
  near clip plane: .150000006
  far clip plane: 1000
  field of view: 90
  orthographic: 0
  orthographic size: 2
  m_Depth: 0
  m_CullingMask:
    serializedVersion: 2
    m_Bits: 1060
  m_RenderingPath: -1
  m_TargetTexture: {fileID: 0}
  m_TargetDisplay: 0
  m_HDR: 0
  m_OcclusionCulling: 1
  m_StereoConvergence: 10
  m_StereoSeparation: .0219999999
--- !u!1 &826186989
GameObject:
  m_ObjectHideFlags: 0
  m_PrefabParentObject: {fileID: 0}
  m_PrefabInternal: {fileID: 0}
  serializedVersion: 4
  m_Component:
  - 4: {fileID: 826186993}
  - 114: {fileID: 826186992}
  - 114: {fileID: 826186991}
  - 114: {fileID: 826186990}
  - 114: {fileID: 826186994}
  - 114: {fileID: 826186995}
  - 114: {fileID: 826186996}
  - 114: {fileID: 826186997}
  - 148: {fileID: 826186998}
  m_Layer: 0
  m_Name: _Managers
  m_TagString: Untagged
  m_Icon: {fileID: 0}
  m_NavMeshLayer: 0
  m_StaticEditorFlags: 0
  m_IsActive: 1
--- !u!114 &826186990
MonoBehaviour:
  m_ObjectHideFlags: 0
  m_PrefabParentObject: {fileID: 0}
  m_PrefabInternal: {fileID: 0}
  m_GameObject: {fileID: 826186989}
  m_Enabled: 1
  m_EditorHideFlags: 0
  m_Script: {fileID: 11500000, guid: 64ee01b6b01e64db7aa45f9bddcd5211, type: 3}
  m_Name: 
  m_EditorClassIdentifier: 
  imagesDirPath: renders
  savesDirPath: saves
--- !u!114 &826186991
MonoBehaviour:
  m_ObjectHideFlags: 0
  m_PrefabParentObject: {fileID: 0}
  m_PrefabInternal: {fileID: 0}
  m_GameObject: {fileID: 826186989}
  m_Enabled: 1
  m_EditorHideFlags: 0
  m_Script: {fileID: 11500000, guid: 9e0eac5208ec14e0390fabee35f1918b, type: 3}
  m_Name: 
  m_EditorClassIdentifier: 
  tempListingCovers:
  - {fileID: 2800000, guid: 58f15c6c6bd4b42068b1c3b3bb116e1e, type: 3}
  - {fileID: 2800000, guid: 92da7ddcfac5a44a1bdb1c88d17db94b, type: 3}
  - {fileID: 2800000, guid: b81c2e3fdceaa40ec9cce21d78ca872c, type: 3}
  - {fileID: 2800000, guid: cd2b5f62bd2694c51ad73695a444d56b, type: 3}
  - {fileID: 2800000, guid: e3257cc1c47924e3ab71a002b179f0ba, type: 3}
  leftSphereMaterial: {fileID: 2100000, guid: 5f26d971285894033bfbd42f2ede1d08, type: 2}
  rightSphereMaterial: {fileID: 2100000, guid: 3e9eb7085ad2847d782afedb53f0326d, type: 2}
--- !u!114 &826186992
MonoBehaviour:
  m_ObjectHideFlags: 0
  m_PrefabParentObject: {fileID: 0}
  m_PrefabInternal: {fileID: 0}
  m_GameObject: {fileID: 826186989}
  m_Enabled: 1
  m_EditorHideFlags: 0
  m_Script: {fileID: 11500000, guid: 7e4e23f82f5d84afabe3bdd72f933b9f, type: 3}
  m_Name: 
  m_EditorClassIdentifier: 
--- !u!4 &826186993
Transform:
  m_ObjectHideFlags: 0
  m_PrefabParentObject: {fileID: 0}
  m_PrefabInternal: {fileID: 0}
  m_GameObject: {fileID: 826186989}
  m_LocalRotation: {x: 0, y: 0, z: 0, w: 1}
  m_LocalPosition: {x: 0, y: 0, z: 0}
  m_LocalScale: {x: 1, y: 1, z: 1}
  m_Children: []
  m_Father: {fileID: 0}
  m_RootOrder: 1
--- !u!114 &826186994
MonoBehaviour:
  m_ObjectHideFlags: 0
  m_PrefabParentObject: {fileID: 0}
  m_PrefabInternal: {fileID: 0}
  m_GameObject: {fileID: 826186989}
  m_Enabled: 1
  m_EditorHideFlags: 0
  m_Script: {fileID: 11500000, guid: ce9fa8fc4778f4151a791b82ddf6afa8, type: 3}
  m_Name: 
  m_EditorClassIdentifier: 
  hotSpotPrefab: {fileID: 176466, guid: fec35032db9b448cca5034e103fbeeb6, type: 2}
  tempHotSpot: {fileID: 0}
--- !u!114 &826186995
MonoBehaviour:
  m_ObjectHideFlags: 0
  m_PrefabParentObject: {fileID: 0}
  m_PrefabInternal: {fileID: 0}
  m_GameObject: {fileID: 826186989}
  m_Enabled: 1
  m_EditorHideFlags: 0
  m_Script: {fileID: 11500000, guid: 6b9f2c863354f4724b71e36faf4a9b5e, type: 3}
  m_Name: 
  m_EditorClassIdentifier: 
  editOn: {fileID: 144602, guid: c2b7150861bf7476b863fc4d30f1f1fc, type: 2}
  isSomeWindowOpen: 0
  tailsMenuPreab: {fileID: 129998, guid: b734bf34b914d4d4381a1dca647fb04d, type: 2}
  tailPrefab: {fileID: 125884, guid: c467e82cfe40442928d1a58db1f5b9b8, type: 2}
  questionBoxPrefabEdit: {fileID: 133450, guid: 37fc9debd434fdd439e8fb1ca928bda5,
    type: 2}
  questionBoxPrefabView: {fileID: 109840, guid: a81c5f40f18c72140b88f7c207d7f412,
    type: 2}
  scrollingMenuPrefab: {fileID: 147998, guid: 1fdc64ddcf6faf64587a97340403831c, type: 2}
  syncScreen: {fileID: 1413146807}
  syncText: {fileID: 2101472586}
--- !u!114 &826186996
MonoBehaviour:
  m_ObjectHideFlags: 0
  m_PrefabParentObject: {fileID: 0}
  m_PrefabInternal: {fileID: 0}
  m_GameObject: {fileID: 826186989}
  m_Enabled: 1
  m_EditorHideFlags: 0
  m_Script: {fileID: 11500000, guid: c7399d671d06db147964b110dd358d9d, type: 3}
  m_Name: 
  m_EditorClassIdentifier: 
--- !u!114 &826186997
MonoBehaviour:
  m_ObjectHideFlags: 0
  m_PrefabParentObject: {fileID: 0}
  m_PrefabInternal: {fileID: 0}
  m_GameObject: {fileID: 826186989}
  m_Enabled: 1
  m_EditorHideFlags: 0
  m_Script: {fileID: 11500000, guid: d573605c4315cf14d9399466143dd927, type: 3}
  m_Name: 
  m_EditorClassIdentifier: 
  currentListing:
    Id: 0
    startingVantagePointId: 0
    name: 
    description: 
    price: 
    area: 0
    zipCode: 
    street: 
    country: 
  hotSpotsList: []
--- !u!148 &826186998
NetworkView:
  m_ObjectHideFlags: 0
  m_PrefabParentObject: {fileID: 0}
  m_PrefabInternal: {fileID: 0}
  m_GameObject: {fileID: 826186989}
  m_Enabled: 1
  m_StateSynchronization: 1
  m_Observed: {fileID: 826186996}
  m_ViewID:
    m_ID: 2
    m_Type: 1
--- !u!1 &832080715
GameObject:
  m_ObjectHideFlags: 0
  m_PrefabParentObject: {fileID: 0}
  m_PrefabInternal: {fileID: 0}
  serializedVersion: 4
  m_Component:
  - 4: {fileID: 832080716}
  m_Layer: 0
  m_Name: UI
  m_TagString: Untagged
  m_Icon: {fileID: 0}
  m_NavMeshLayer: 0
  m_StaticEditorFlags: 0
  m_IsActive: 1
--- !u!4 &832080716
Transform:
  m_ObjectHideFlags: 0
  m_PrefabParentObject: {fileID: 0}
  m_PrefabInternal: {fileID: 0}
  m_GameObject: {fileID: 832080715}
  m_LocalRotation: {x: 0, y: 0, z: 0, w: 1}
  m_LocalPosition: {x: 0, y: 0, z: 0}
  m_LocalScale: {x: 2, y: 2, z: 2}
  m_Children:
  - {fileID: 1413146808}
  m_Father: {fileID: 0}
  m_RootOrder: 2
--- !u!1 &978639208
GameObject:
  m_ObjectHideFlags: 0
  m_PrefabParentObject: {fileID: 154054, guid: f65ba54993f04491aaae99229d3a28b1, type: 2}
  m_PrefabInternal: {fileID: 0}
  serializedVersion: 4
  m_Component:
  - 4: {fileID: 978639209}
  m_Layer: 0
  m_Name: Spheres
  m_TagString: Untagged
  m_Icon: {fileID: 0}
  m_NavMeshLayer: 0
  m_StaticEditorFlags: 0
  m_IsActive: 1
--- !u!4 &978639209
Transform:
  m_ObjectHideFlags: 0
  m_PrefabParentObject: {fileID: 454054, guid: f65ba54993f04491aaae99229d3a28b1, type: 2}
  m_PrefabInternal: {fileID: 0}
  m_GameObject: {fileID: 978639208}
  m_LocalRotation: {x: -.707106888, y: 0, z: 0, w: .707106769}
  m_LocalPosition: {x: 0, y: 0, z: 0}
  m_LocalScale: {x: 1, y: 1, z: 1}
  m_Children:
  - {fileID: 263054828}
  - {fileID: 2042040302}
  m_Father: {fileID: 0}
  m_RootOrder: 4
--- !u!1 &1043970895
GameObject:
  m_ObjectHideFlags: 0
  m_PrefabParentObject: {fileID: 0}
  m_PrefabInternal: {fileID: 0}
  serializedVersion: 4
  m_Component:
  - 224: {fileID: 1043970898}
  - 222: {fileID: 1043970897}
  - 114: {fileID: 1043970896}
  m_Layer: 5
  m_Name: Background
  m_TagString: Untagged
  m_Icon: {fileID: 0}
  m_NavMeshLayer: 0
  m_StaticEditorFlags: 0
  m_IsActive: 1
--- !u!114 &1043970896
MonoBehaviour:
  m_ObjectHideFlags: 0
  m_PrefabParentObject: {fileID: 0}
  m_PrefabInternal: {fileID: 0}
  m_GameObject: {fileID: 1043970895}
  m_Enabled: 1
  m_EditorHideFlags: 0
  m_Script: {fileID: -765806418, guid: f5f67c52d1564df4a8936ccd202a3bd8, type: 3}
  m_Name: 
  m_EditorClassIdentifier: 
  m_Material: {fileID: 0}
  m_Color: {r: 0, g: 0, b: 0, a: 1}
  m_Sprite: {fileID: 10905, guid: 0000000000000000f000000000000000, type: 0}
  m_Type: 1
  m_PreserveAspect: 0
  m_FillCenter: 1
  m_FillMethod: 4
  m_FillAmount: 1
  m_FillClockwise: 1
  m_FillOrigin: 0
--- !u!222 &1043970897
CanvasRenderer:
  m_ObjectHideFlags: 0
  m_PrefabParentObject: {fileID: 0}
  m_PrefabInternal: {fileID: 0}
  m_GameObject: {fileID: 1043970895}
--- !u!224 &1043970898
RectTransform:
  m_ObjectHideFlags: 0
  m_PrefabParentObject: {fileID: 0}
  m_PrefabInternal: {fileID: 0}
  m_GameObject: {fileID: 1043970895}
  m_LocalRotation: {x: 0, y: 0, z: 0, w: 1}
  m_LocalPosition: {x: 0, y: 0, z: 0}
  m_LocalScale: {x: 10, y: 10, z: 10}
  m_Children: []
  m_Father: {fileID: 1413146808}
  m_RootOrder: 0
  m_AnchorMin: {x: 0, y: 0}
  m_AnchorMax: {x: 1, y: 1}
  m_AnchoredPosition: {x: 0, y: 0}
  m_SizeDelta: {x: 0, y: 0}
  m_Pivot: {x: .5, y: .5}
--- !u!1 &1383580030
GameObject:
  m_ObjectHideFlags: 0
  m_PrefabParentObject: {fileID: 100002, guid: 9da535ecc7e009544bd58323d6696a4d, type: 2}
  m_PrefabInternal: {fileID: 1484892901}
  serializedVersion: 4
  m_Component:
  - 4: {fileID: 1383580031}
  - 20: {fileID: 1383580035}
  - 124: {fileID: 1383580034}
  - 114: {fileID: 1383580033}
  - 114: {fileID: 1383580032}
  m_Layer: 0
  m_Name: Camera Left
  m_TagString: MainCamera
  m_Icon: {fileID: 0}
  m_NavMeshLayer: 0
  m_StaticEditorFlags: 0
  m_IsActive: 1
--- !u!4 &1383580031
Transform:
  m_ObjectHideFlags: 0
  m_PrefabParentObject: {fileID: 400002, guid: 9da535ecc7e009544bd58323d6696a4d, type: 2}
  m_PrefabInternal: {fileID: 1484892901}
  m_GameObject: {fileID: 1383580030}
  m_LocalRotation: {x: 0, y: 0, z: 0, w: 1}
  m_LocalPosition: {x: 0, y: 0, z: 0}
  m_LocalScale: {x: 1, y: 1, z: 1}
  m_Children: []
  m_Father: {fileID: 1589264199}
  m_RootOrder: 0
--- !u!114 &1383580032
MonoBehaviour:
  m_ObjectHideFlags: 0
  m_PrefabParentObject: {fileID: 11400004, guid: 9da535ecc7e009544bd58323d6696a4d,
    type: 2}
  m_PrefabInternal: {fileID: 1484892901}
  m_GameObject: {fileID: 1383580030}
  m_Enabled: 1
  m_EditorHideFlags: 0
  m_Script: {fileID: 11500000, guid: f5be85f8438ca3145aac56e800a217cf, type: 3}
  m_Name: 
  m_EditorClassIdentifier: 
  _Center: {x: .5, y: .5}
  _ScaleIn: {x: 1, y: 1}
  _Scale: {x: 1, y: 1}
  _HmdWarpParam: {x: 1, y: 0, z: 0, w: 0}
  _ChromaticAberration: {x: .995999992, y: .991999984, z: 1.01400006, w: 1.01400006}
  _DMScale: {x: 0, y: 0}
  _DMOffset: {x: 0, y: 0}
  dynamicScale: 1
--- !u!114 &1383580033
MonoBehaviour:
  m_ObjectHideFlags: 0
  m_PrefabParentObject: {fileID: 11400006, guid: 9da535ecc7e009544bd58323d6696a4d,
    type: 2}
  m_PrefabInternal: {fileID: 1484892901}
  m_GameObject: {fileID: 1383580030}
  m_Enabled: 1
  m_EditorHideFlags: 0
  m_Script: {fileID: 11500000, guid: 467c1e6bb64de664bbba9800bb135078, type: 3}
  m_Name: 
  m_EditorClassIdentifier: 
  NeckPosition: {x: 0, y: .600000024, z: 0}
  EyePosition: {x: 0, y: .150000006, z: .0900000036}
  RightEye: 0
--- !u!124 &1383580034
Behaviour:
  m_ObjectHideFlags: 0
  m_PrefabParentObject: {fileID: 12400002, guid: 9da535ecc7e009544bd58323d6696a4d,
    type: 2}
  m_PrefabInternal: {fileID: 1484892901}
  m_GameObject: {fileID: 1383580030}
  m_Enabled: 1
--- !u!20 &1383580035
Camera:
  m_ObjectHideFlags: 0
  m_PrefabParentObject: {fileID: 2000002, guid: 9da535ecc7e009544bd58323d6696a4d,
    type: 2}
  m_PrefabInternal: {fileID: 1484892901}
  m_GameObject: {fileID: 1383580030}
  m_Enabled: 1
  serializedVersion: 2
  m_ClearFlags: 1
  m_BackGroundColor: {r: .192156866, g: .301960796, b: .474509805, a: 0}
  m_NormalizedViewPortRect:
    serializedVersion: 2
    x: 0
    y: 0
    width: 1
    height: 1
  near clip plane: .150000006
  far clip plane: 1000
  field of view: 90
  orthographic: 0
  orthographic size: 2
  m_Depth: 1
  m_CullingMask:
    serializedVersion: 2
    m_Bits: 548
  m_RenderingPath: -1
  m_TargetTexture: {fileID: 0}
  m_TargetDisplay: 0
  m_HDR: 0
  m_OcclusionCulling: 1
  m_StereoConvergence: 10
  m_StereoSeparation: .0219999999
--- !u!1 &1413146807
GameObject:
  m_ObjectHideFlags: 0
  m_PrefabParentObject: {fileID: 0}
  m_PrefabInternal: {fileID: 0}
  serializedVersion: 4
  m_Component:
  - 224: {fileID: 1413146808}
  - 223: {fileID: 1413146811}
  - 114: {fileID: 1413146810}
  - 114: {fileID: 1413146809}
  m_Layer: 5
  m_Name: Sync Screen
  m_TagString: Untagged
  m_Icon: {fileID: 0}
  m_NavMeshLayer: 0
  m_StaticEditorFlags: 0
  m_IsActive: 0
--- !u!224 &1413146808
RectTransform:
  m_ObjectHideFlags: 0
  m_PrefabParentObject: {fileID: 0}
  m_PrefabInternal: {fileID: 0}
  m_GameObject: {fileID: 1413146807}
  m_LocalRotation: {x: 0, y: 0, z: 0, w: 1}
  m_LocalPosition: {x: 0, y: 0, z: 0}
  m_LocalScale: {x: 10, y: 10, z: 10}
  m_Children:
  - {fileID: 1043970898}
  - {fileID: 2101472585}
  - {fileID: 1528088203}
  m_Father: {fileID: 832080716}
  m_RootOrder: 0
  m_AnchorMin: {x: 0, y: 0}
  m_AnchorMax: {x: 0, y: 0}
  m_AnchoredPosition: {x: 0, y: 0}
  m_SizeDelta: {x: 30, y: 30}
  m_Pivot: {x: .5, y: .5}
--- !u!114 &1413146809
MonoBehaviour:
  m_ObjectHideFlags: 0
  m_PrefabParentObject: {fileID: 0}
  m_PrefabInternal: {fileID: 0}
  m_GameObject: {fileID: 1413146807}
  m_Enabled: 1
  m_EditorHideFlags: 0
  m_Script: {fileID: 1301386320, guid: f5f67c52d1564df4a8936ccd202a3bd8, type: 3}
  m_Name: 
  m_EditorClassIdentifier: 
  m_IgnoreReversedGraphics: 1
  m_BlockingObjects: 0
  m_BlockingMask:
    serializedVersion: 2
    m_Bits: 4294967295
--- !u!114 &1413146810
MonoBehaviour:
  m_ObjectHideFlags: 0
  m_PrefabParentObject: {fileID: 0}
  m_PrefabInternal: {fileID: 0}
  m_GameObject: {fileID: 1413146807}
  m_Enabled: 1
  m_EditorHideFlags: 0
  m_Script: {fileID: 1980459831, guid: f5f67c52d1564df4a8936ccd202a3bd8, type: 3}
  m_Name: 
  m_EditorClassIdentifier: 
  m_UiScaleMode: 0
  m_ReferencePixelsPerUnit: 100
  m_ScaleFactor: 1
  m_ReferenceResolution: {x: 800, y: 600}
  m_ScreenMatchMode: 0
  m_MatchWidthOrHeight: 0
  m_PhysicalUnit: 3
  m_FallbackScreenDPI: 96
  m_DefaultSpriteDPI: 96
  m_DynamicPixelsPerUnit: 1
--- !u!223 &1413146811
Canvas:
  m_ObjectHideFlags: 0
  m_PrefabParentObject: {fileID: 0}
  m_PrefabInternal: {fileID: 0}
  m_GameObject: {fileID: 1413146807}
  m_Enabled: 1
  serializedVersion: 2
  m_RenderMode: 2
  m_Camera: {fileID: 0}
  m_PlaneDistance: 100
  m_PixelPerfect: 0
  m_ReceivesEvents: 1
  m_OverrideSorting: 0
  m_OverridePixelPerfect: 0
  m_SortingLayerID: 0
  m_SortingOrder: 0
--- !u!1001 &1484892901
Prefab:
  m_ObjectHideFlags: 0
  serializedVersion: 2
  m_Modification:
    m_TransformParent: {fileID: 0}
    m_Modifications:
    - target: {fileID: 400004, guid: 9da535ecc7e009544bd58323d6696a4d, type: 2}
      propertyPath: m_LocalPosition.x
      value: 0
      objectReference: {fileID: 0}
    - target: {fileID: 400004, guid: 9da535ecc7e009544bd58323d6696a4d, type: 2}
      propertyPath: m_LocalPosition.y
      value: 0
      objectReference: {fileID: 0}
    - target: {fileID: 400004, guid: 9da535ecc7e009544bd58323d6696a4d, type: 2}
      propertyPath: m_LocalPosition.z
      value: 0
      objectReference: {fileID: 0}
    - target: {fileID: 400004, guid: 9da535ecc7e009544bd58323d6696a4d, type: 2}
      propertyPath: m_LocalRotation.x
      value: 0
      objectReference: {fileID: 0}
    - target: {fileID: 400004, guid: 9da535ecc7e009544bd58323d6696a4d, type: 2}
      propertyPath: m_LocalRotation.y
      value: 0
      objectReference: {fileID: 0}
    - target: {fileID: 400004, guid: 9da535ecc7e009544bd58323d6696a4d, type: 2}
      propertyPath: m_LocalRotation.z
      value: 0
      objectReference: {fileID: 0}
    - target: {fileID: 400004, guid: 9da535ecc7e009544bd58323d6696a4d, type: 2}
      propertyPath: m_LocalRotation.w
      value: 1
      objectReference: {fileID: 0}
    - target: {fileID: 400004, guid: 9da535ecc7e009544bd58323d6696a4d, type: 2}
      propertyPath: m_RootOrder
      value: 3
      objectReference: {fileID: 0}
    - target: {fileID: 100004, guid: 9da535ecc7e009544bd58323d6696a4d, type: 2}
      propertyPath: m_Name
      value: OVRCameraController
      objectReference: {fileID: 0}
    - target: {fileID: 2000002, guid: 9da535ecc7e009544bd58323d6696a4d, type: 2}
      propertyPath: m_CullingMask.m_Bits
      value: 548
      objectReference: {fileID: 0}
    - target: {fileID: 2000000, guid: 9da535ecc7e009544bd58323d6696a4d, type: 2}
      propertyPath: m_CullingMask.m_Bits
      value: 1060
      objectReference: {fileID: 0}
    - target: {fileID: 100002, guid: 9da535ecc7e009544bd58323d6696a4d, type: 2}
      propertyPath: m_Name
      value: Camera Left
      objectReference: {fileID: 0}
    - target: {fileID: 100000, guid: 9da535ecc7e009544bd58323d6696a4d, type: 2}
      propertyPath: m_Name
      value: w
      objectReference: {fileID: 0}
    - target: {fileID: 2000002, guid: 9da535ecc7e009544bd58323d6696a4d, type: 2}
      propertyPath: orthographic
      value: 0
      objectReference: {fileID: 0}
    - target: {fileID: 2000002, guid: 9da535ecc7e009544bd58323d6696a4d, type: 2}
      propertyPath: orthographic size
      value: 2
      objectReference: {fileID: 0}
    - target: {fileID: 2000000, guid: 9da535ecc7e009544bd58323d6696a4d, type: 2}
      propertyPath: orthographic
      value: 0
      objectReference: {fileID: 0}
    - target: {fileID: 2000000, guid: 9da535ecc7e009544bd58323d6696a4d, type: 2}
      propertyPath: orthographic size
      value: 2
      objectReference: {fileID: 0}
    - target: {fileID: 100004, guid: 9da535ecc7e009544bd58323d6696a4d, type: 2}
      propertyPath: m_IsActive
      value: 1
      objectReference: {fileID: 0}
    m_RemovedComponents: []
  m_ParentPrefab: {fileID: 100100000, guid: 9da535ecc7e009544bd58323d6696a4d, type: 2}
  m_RootGameObject: {fileID: 1589264196}
  m_IsPrefabParent: 0
  m_IsExploded: 1
--- !u!1 &1528088202
GameObject:
  m_ObjectHideFlags: 0
  m_PrefabParentObject: {fileID: 0}
  m_PrefabInternal: {fileID: 0}
  serializedVersion: 4
  m_Component:
  - 224: {fileID: 1528088203}
  - 222: {fileID: 1528088205}
  - 114: {fileID: 1528088204}
  m_Layer: 5
  m_Name: Logo
  m_TagString: Untagged
  m_Icon: {fileID: 0}
  m_NavMeshLayer: 0
  m_StaticEditorFlags: 0
  m_IsActive: 1
--- !u!224 &1528088203
RectTransform:
  m_ObjectHideFlags: 0
  m_PrefabParentObject: {fileID: 0}
  m_PrefabInternal: {fileID: 0}
  m_GameObject: {fileID: 1528088202}
  m_LocalRotation: {x: 0, y: 0, z: 0, w: 1}
  m_LocalPosition: {x: 0, y: 0, z: 0}
  m_LocalScale: {x: .600000024, y: .600000024, z: .600000024}
  m_Children: []
  m_Father: {fileID: 1413146808}
  m_RootOrder: 2
  m_AnchorMin: {x: .5, y: .5}
  m_AnchorMax: {x: .5, y: .5}
  m_AnchoredPosition: {x: 0, y: .180000007}
  m_SizeDelta: {x: 1, y: 1}
  m_Pivot: {x: .5, y: .5}
--- !u!114 &1528088204
MonoBehaviour:
  m_ObjectHideFlags: 0
  m_PrefabParentObject: {fileID: 0}
  m_PrefabInternal: {fileID: 0}
  m_GameObject: {fileID: 1528088202}
  m_Enabled: 1
  m_EditorHideFlags: 0
  m_Script: {fileID: -765806418, guid: f5f67c52d1564df4a8936ccd202a3bd8, type: 3}
  m_Name: 
  m_EditorClassIdentifier: 
  m_Material: {fileID: 0}
  m_Color: {r: 1, g: 1, b: 1, a: 1}
  m_Sprite: {fileID: 21300000, guid: a4a18c3eebcce4f83b064b346efcd9c7, type: 3}
  m_Type: 0
  m_PreserveAspect: 0
  m_FillCenter: 1
  m_FillMethod: 4
  m_FillAmount: 1
  m_FillClockwise: 1
  m_FillOrigin: 0
--- !u!222 &1528088205
CanvasRenderer:
  m_ObjectHideFlags: 0
  m_PrefabParentObject: {fileID: 0}
  m_PrefabInternal: {fileID: 0}
  m_GameObject: {fileID: 1528088202}
--- !u!1 &1554259467
GameObject:
  m_ObjectHideFlags: 0
  m_PrefabParentObject: {fileID: 0}
  m_PrefabInternal: {fileID: 0}
  serializedVersion: 4
  m_Component:
  - 4: {fileID: 1554259468}
  - 212: {fileID: 1554259469}
  m_Layer: 2
  m_Name: Crosshair
  m_TagString: Untagged
  m_Icon: {fileID: 0}
  m_NavMeshLayer: 0
  m_StaticEditorFlags: 0
  m_IsActive: 1
--- !u!4 &1554259468
Transform:
  m_ObjectHideFlags: 0
  m_PrefabParentObject: {fileID: 0}
  m_PrefabInternal: {fileID: 0}
  m_GameObject: {fileID: 1554259467}
  m_LocalRotation: {x: 0, y: 0, z: 0, w: 1}
  m_LocalPosition: {x: 0, y: 0, z: 1}
  m_LocalScale: {x: .100000001, y: .100000001, z: .100000001}
  m_Children: []
  m_Father: {fileID: 422033388}
  m_RootOrder: 0
--- !u!212 &1554259469
SpriteRenderer:
  m_ObjectHideFlags: 0
  m_PrefabParentObject: {fileID: 0}
  m_PrefabInternal: {fileID: 0}
  m_GameObject: {fileID: 1554259467}
  m_Enabled: 1
  m_CastShadows: 0
  m_ReceiveShadows: 0
  m_LightmapIndex: 255
  m_LightmapTilingOffset: {x: 1, y: 1, z: 0, w: 0}
  m_Materials:
  - {fileID: 10754, guid: 0000000000000000e000000000000000, type: 0}
  m_SubsetIndices: 
  m_StaticBatchRoot: {fileID: 0}
  m_UseLightProbes: 0
  m_LightProbeAnchor: {fileID: 0}
  m_ScaleInLightmap: 1
  m_SortingLayerID: 0
  m_SortingOrder: 0
  m_Sprite: {fileID: 10913, guid: 0000000000000000f000000000000000, type: 0}
  m_Color: {r: .0269247293, g: .692840457, b: 1, a: 1}
--- !u!1 &1589264196
GameObject:
  m_ObjectHideFlags: 0
  m_PrefabParentObject: {fileID: 100004, guid: 9da535ecc7e009544bd58323d6696a4d, type: 2}
  m_PrefabInternal: {fileID: 1484892901}
  serializedVersion: 4
  m_Component:
  - 4: {fileID: 1589264199}
  - 114: {fileID: 1589264198}
  - 114: {fileID: 1589264197}
  - 148: {fileID: 1589264200}
  m_Layer: 0
  m_Name: OVRCameraController
  m_TagString: Untagged
  m_Icon: {fileID: 0}
  m_NavMeshLayer: 0
  m_StaticEditorFlags: 0
  m_IsActive: 1
--- !u!114 &1589264197
MonoBehaviour:
  m_ObjectHideFlags: 0
  m_PrefabParentObject: {fileID: 11400008, guid: 9da535ecc7e009544bd58323d6696a4d,
    type: 2}
  m_PrefabInternal: {fileID: 1484892901}
  m_GameObject: {fileID: 1589264196}
  m_Enabled: 1
  m_EditorHideFlags: 0
  m_Script: {fileID: 11500000, guid: 7e933e81d3c20c74ea6fdc708a67e3a5, type: 3}
  m_Name: 
  m_EditorClassIdentifier: 
  PredictionTime: .0299999993
  ResetTrackerOnLoad: 1
--- !u!114 &1589264198
MonoBehaviour:
  m_ObjectHideFlags: 0
  m_PrefabParentObject: {fileID: 11400010, guid: 9da535ecc7e009544bd58323d6696a4d,
    type: 2}
  m_PrefabInternal: {fileID: 1484892901}
  m_GameObject: {fileID: 1589264196}
  m_Enabled: 1
  m_EditorHideFlags: 0
  m_Script: {fileID: 11500000, guid: df9f338034892c44ebb62d97894772f1, type: 3}
  m_Name: 
  m_EditorClassIdentifier: 
  Monoscopic: 0
  EyeSamples: 2
  EyeDepth: 24
  ipd: .064000003
  verticalFOV: 90
  UseCameraTexture: 0
  CameraTextureScale: 1
  scaleRenderTarget: 1
  CameraRootPosition: {x: 0, y: 1, z: 0}
  NeckPosition: {x: 0, y: 0, z: 0}
  EyeCenterPosition: {x: 0, y: .150000006, z: .0900000036}
  UsePlayerEyeHeight: 1
  FollowOrientation: {fileID: 0}
  TrackerRotatesY: 0
  EnableOrientation: 1
  EnablePosition: 1
  PredictionOn: 1
  CallInPreRender: 0
  WireMode: 0
  LensCorrection: 1
  Chromatic: 1
  timeWarp: 1
  FreezeTimeWarp: 0
  FlipCorrectionInY: 0
  backgroundColor: {r: 0, g: 0, b: 0, a: 1}
  nearClipPlane: .150000006
  farClipPlane: 1000
--- !u!4 &1589264199
Transform:
  m_ObjectHideFlags: 0
  m_PrefabParentObject: {fileID: 400004, guid: 9da535ecc7e009544bd58323d6696a4d, type: 2}
  m_PrefabInternal: {fileID: 1484892901}
  m_GameObject: {fileID: 1589264196}
  m_LocalRotation: {x: 0, y: 0, z: 0, w: 1}
  m_LocalPosition: {x: 0, y: 0, z: 0}
  m_LocalScale: {x: 1, y: 1, z: 1}
  m_Children:
  - {fileID: 1383580031}
  - {fileID: 662024235}
  m_Father: {fileID: 0}
  m_RootOrder: 3
--- !u!148 &1589264200
NetworkView:
  m_ObjectHideFlags: 0
  m_PrefabParentObject: {fileID: 0}
  m_PrefabInternal: {fileID: 0}
  m_GameObject: {fileID: 1589264196}
  m_Enabled: 1
  m_StateSynchronization: 1
  m_Observed: {fileID: 1589264199}
  m_ViewID:
    m_ID: 1
    m_Type: 1
--- !u!1 &1962132536
GameObject:
  m_ObjectHideFlags: 0
  m_PrefabParentObject: {fileID: 0}
  m_PrefabInternal: {fileID: 0}
  serializedVersion: 4
  m_Component:
  - 4: {fileID: 1962132540}
  - 114: {fileID: 1962132539}
  - 114: {fileID: 1962132538}
  - 114: {fileID: 1962132537}
  m_Layer: 0
  m_Name: EventSystem
  m_TagString: Untagged
  m_Icon: {fileID: 0}
  m_NavMeshLayer: 0
  m_StaticEditorFlags: 0
  m_IsActive: 1
--- !u!114 &1962132537
MonoBehaviour:
  m_ObjectHideFlags: 0
  m_PrefabParentObject: {fileID: 0}
  m_PrefabInternal: {fileID: 0}
  m_GameObject: {fileID: 1962132536}
  m_Enabled: 0
  m_EditorHideFlags: 0
  m_Script: {fileID: 1997211142, guid: f5f67c52d1564df4a8936ccd202a3bd8, type: 3}
  m_Name: 
  m_EditorClassIdentifier: 
  m_AllowActivationOnStandalone: 0
--- !u!114 &1962132538
MonoBehaviour:
  m_ObjectHideFlags: 0
  m_PrefabParentObject: {fileID: 0}
  m_PrefabInternal: {fileID: 0}
  m_GameObject: {fileID: 1962132536}
  m_Enabled: 0
  m_EditorHideFlags: 0
  m_Script: {fileID: 1077351063, guid: f5f67c52d1564df4a8936ccd202a3bd8, type: 3}
  m_Name: 
  m_EditorClassIdentifier: 
  m_HorizontalAxis: Horizontal
  m_VerticalAxis: Vertical
  m_SubmitButton: Submit
  m_CancelButton: Cancel
  m_InputActionsPerSecond: 10
  m_AllowActivationOnMobileDevice: 0
--- !u!114 &1962132539
MonoBehaviour:
  m_ObjectHideFlags: 0
  m_PrefabParentObject: {fileID: 0}
  m_PrefabInternal: {fileID: 0}
  m_GameObject: {fileID: 1962132536}
  m_Enabled: 0
  m_EditorHideFlags: 0
  m_Script: {fileID: -619905303, guid: f5f67c52d1564df4a8936ccd202a3bd8, type: 3}
  m_Name: 
  m_EditorClassIdentifier: 
  m_FirstSelected: {fileID: 0}
  m_sendNavigationEvents: 1
  m_DragThreshold: 5
--- !u!4 &1962132540
Transform:
  m_ObjectHideFlags: 0
  m_PrefabParentObject: {fileID: 0}
  m_PrefabInternal: {fileID: 0}
  m_GameObject: {fileID: 1962132536}
  m_LocalRotation: {x: 0, y: 0, z: 0, w: 1}
  m_LocalPosition: {x: 0, y: 0, z: 0}
  m_LocalScale: {x: 1, y: 1, z: 1}
  m_Children: []
  m_Father: {fileID: 0}
  m_RootOrder: 7
--- !u!1 &2042040298
GameObject:
  m_ObjectHideFlags: 0
  m_PrefabParentObject: {fileID: 154050, guid: f65ba54993f04491aaae99229d3a28b1, type: 2}
  m_PrefabInternal: {fileID: 0}
  serializedVersion: 4
  m_Component:
  - 4: {fileID: 2042040302}
  - 33: {fileID: 2042040301}
  - 23: {fileID: 2042040300}
  - 64: {fileID: 2042040299}
  m_Layer: 10
  m_Name: Sphere R
  m_TagString: Untagged
  m_Icon: {fileID: 0}
  m_NavMeshLayer: 0
  m_StaticEditorFlags: 0
  m_IsActive: 1
--- !u!64 &2042040299
MeshCollider:
  m_ObjectHideFlags: 0
  m_PrefabParentObject: {fileID: 0}
  m_PrefabInternal: {fileID: 0}
  m_GameObject: {fileID: 2042040298}
  m_Material: {fileID: 0}
  m_IsTrigger: 0
  m_Enabled: 1
  serializedVersion: 2
  m_SmoothSphereCollisions: 0
  m_Convex: 0
  m_Mesh: {fileID: 4300000, guid: 54f8ed56b15fe4165b09e703109a3fa2, type: 3}
--- !u!23 &2042040300
Renderer:
  m_ObjectHideFlags: 0
  m_PrefabParentObject: {fileID: 2354056, guid: f65ba54993f04491aaae99229d3a28b1,
    type: 2}
  m_PrefabInternal: {fileID: 0}
  m_GameObject: {fileID: 2042040298}
  m_Enabled: 1
  m_CastShadows: 1
  m_ReceiveShadows: 1
  m_LightmapIndex: 255
  m_LightmapTilingOffset: {x: 1, y: 1, z: 0, w: 0}
  m_Materials:
  - {fileID: 2100000, guid: 3e9eb7085ad2847d782afedb53f0326d, type: 2}
  m_SubsetIndices: 
  m_StaticBatchRoot: {fileID: 0}
  m_UseLightProbes: 0
  m_LightProbeAnchor: {fileID: 0}
  m_ScaleInLightmap: 1
  m_SortingLayerID: 0
  m_SortingOrder: 0
--- !u!33 &2042040301
MeshFilter:
  m_ObjectHideFlags: 0
  m_PrefabParentObject: {fileID: 3354056, guid: f65ba54993f04491aaae99229d3a28b1,
    type: 2}
  m_PrefabInternal: {fileID: 0}
  m_GameObject: {fileID: 2042040298}
  m_Mesh: {fileID: 4300000, guid: 54f8ed56b15fe4165b09e703109a3fa2, type: 3}
--- !u!4 &2042040302
Transform:
  m_ObjectHideFlags: 0
  m_PrefabParentObject: {fileID: 454050, guid: f65ba54993f04491aaae99229d3a28b1, type: 2}
  m_PrefabInternal: {fileID: 0}
  m_GameObject: {fileID: 2042040298}
  m_LocalRotation: {x: 0, y: 0, z: 0, w: 1}
  m_LocalPosition: {x: .0315000005, y: 0, z: 0}
  m_LocalScale: {x: 20, y: 20, z: 20}
  m_Children: []
  m_Father: {fileID: 978639209}
  m_RootOrder: 1
--- !u!1 &2101237537
GameObject:
  m_ObjectHideFlags: 0
  m_PrefabParentObject: {fileID: 0}
  m_PrefabInternal: {fileID: 0}
  serializedVersion: 4
  m_Component:
  - 4: {fileID: 2101237540}
  - 65: {fileID: 2101237539}
  - 212: {fileID: 2101237538}
  m_Layer: 5
  m_Name: DeleteZone
  m_TagString: Untagged
  m_Icon: {fileID: 0}
  m_NavMeshLayer: 0
  m_StaticEditorFlags: 0
  m_IsActive: 1
--- !u!212 &2101237538
SpriteRenderer:
  m_ObjectHideFlags: 0
  m_PrefabParentObject: {fileID: 0}
  m_PrefabInternal: {fileID: 0}
  m_GameObject: {fileID: 2101237537}
  m_Enabled: 1
  m_CastShadows: 0
  m_ReceiveShadows: 0
  m_LightmapIndex: 255
  m_LightmapTilingOffset: {x: 1, y: 1, z: 0, w: 0}
  m_Materials:
  - {fileID: 10754, guid: 0000000000000000e000000000000000, type: 0}
  m_SubsetIndices: 
  m_StaticBatchRoot: {fileID: 0}
  m_UseLightProbes: 0
  m_LightProbeAnchor: {fileID: 0}
  m_ScaleInLightmap: 1
  m_SortingLayerID: 0
  m_SortingOrder: 0
  m_Sprite: {fileID: 10913, guid: 0000000000000000f000000000000000, type: 0}
  m_Color: {r: 1, g: .020100832, b: 0, a: .349999994}
--- !u!65 &2101237539
BoxCollider:
  m_ObjectHideFlags: 0
  m_PrefabParentObject: {fileID: 0}
  m_PrefabInternal: {fileID: 0}
  m_GameObject: {fileID: 2101237537}
  m_Material: {fileID: 0}
  m_IsTrigger: 0
  m_Enabled: 1
  serializedVersion: 2
  m_Size: {x: .200000003, y: .200000003, z: .00999999978}
  m_Center: {x: 0, y: 0, z: 0}
--- !u!4 &2101237540
Transform:
  m_ObjectHideFlags: 0
  m_PrefabParentObject: {fileID: 0}
  m_PrefabInternal: {fileID: 0}
  m_GameObject: {fileID: 2101237537}
  m_LocalRotation: {x: -.707106888, y: 0, z: 0, w: .707106769}
  m_LocalPosition: {x: 0, y: -42, z: 0}
  m_LocalScale: {x: 175, y: 175, z: 1}
  m_Children: []
  m_Father: {fileID: 0}
  m_RootOrder: 6
--- !u!1 &2101472584
GameObject:
  m_ObjectHideFlags: 0
  m_PrefabParentObject: {fileID: 0}
  m_PrefabInternal: {fileID: 0}
  serializedVersion: 4
  m_Component:
  - 224: {fileID: 2101472585}
  - 222: {fileID: 2101472587}
  - 114: {fileID: 2101472586}
  m_Layer: 5
  m_Name: Text
  m_TagString: Untagged
  m_Icon: {fileID: 0}
  m_NavMeshLayer: 0
  m_StaticEditorFlags: 0
  m_IsActive: 1
--- !u!224 &2101472585
RectTransform:
  m_ObjectHideFlags: 0
  m_PrefabParentObject: {fileID: 0}
  m_PrefabInternal: {fileID: 0}
  m_GameObject: {fileID: 2101472584}
  m_LocalRotation: {x: 0, y: 0, z: 0, w: 1}
  m_LocalPosition: {x: 0, y: 0, z: 0}
  m_LocalScale: {x: .00200000009, y: .00200000009, z: .00200000009}
  m_Children: []
  m_Father: {fileID: 1413146808}
  m_RootOrder: 1
  m_AnchorMin: {x: .5, y: .5}
  m_AnchorMax: {x: .5, y: .5}
  m_AnchoredPosition: {x: 0, y: 0}
  m_SizeDelta: {x: 20, y: 20}
  m_Pivot: {x: .5, y: .5}
--- !u!114 &2101472586
MonoBehaviour:
  m_ObjectHideFlags: 0
  m_PrefabParentObject: {fileID: 0}
  m_PrefabInternal: {fileID: 0}
  m_GameObject: {fileID: 2101472584}
  m_Enabled: 1
  m_EditorHideFlags: 0
  m_Script: {fileID: 708705254, guid: f5f67c52d1564df4a8936ccd202a3bd8, type: 3}
  m_Name: 
  m_EditorClassIdentifier: 
  m_Material: {fileID: 0}
  m_Color: {r: .174608797, g: .40477398, b: .62040329, a: 1}
  m_FontData:
    m_Font: {fileID: 10102, guid: 0000000000000000e000000000000000, type: 0}
    m_FontSize: 50
    m_FontStyle: 0
    m_BestFit: 0
    m_MinSize: 10
    m_MaxSize: 40
    m_Alignment: 4
    m_RichText: 1
    m_HorizontalOverflow: 1
    m_VerticalOverflow: 1
    m_LineSpacing: 1
  m_Text: 
--- !u!222 &2101472587
CanvasRenderer:
  m_ObjectHideFlags: 0
  m_PrefabParentObject: {fileID: 0}
  m_PrefabInternal: {fileID: 0}
  m_GameObject: {fileID: 2101472584}
--- !u!1 &2111750171
GameObject:
  m_ObjectHideFlags: 0
  m_PrefabParentObject: {fileID: 0}
  m_PrefabInternal: {fileID: 0}
  serializedVersion: 4
  m_Component:
  - 4: {fileID: 2111750173}
  - 114: {fileID: 2111750172}
  m_Layer: 0
  m_Name: OVRTouchpadHelper
  m_TagString: Untagged
  m_Icon: {fileID: 0}
  m_NavMeshLayer: 0
  m_StaticEditorFlags: 0
  m_IsActive: 1
--- !u!114 &2111750172
MonoBehaviour:
  m_ObjectHideFlags: 0
  m_PrefabParentObject: {fileID: 0}
  m_PrefabInternal: {fileID: 0}
  m_GameObject: {fileID: 2111750171}
  m_Enabled: 1
  m_EditorHideFlags: 0
  m_Script: {fileID: 11500000, guid: 8ab9178817a837a49a7da8cd5a5792e5, type: 3}
  m_Name: 
  m_EditorClassIdentifier: 
--- !u!4 &2111750173
Transform:
  m_ObjectHideFlags: 0
  m_PrefabParentObject: {fileID: 0}
  m_PrefabInternal: {fileID: 0}
  m_GameObject: {fileID: 2111750171}
  m_LocalRotation: {x: 0, y: 0, z: 0, w: 1}
  m_LocalPosition: {x: 0, y: 0, z: 0}
  m_LocalScale: {x: 1, y: 1, z: 1}
  m_Children: []
  m_Father: {fileID: 0}
  m_RootOrder: 5
